<?xml version="1.0" encoding="utf-8"?>
<record xmlns="http://www.loc.gov/MARC21/slim" xmlns:xsi="http://www.w3.org/2001/XMLSchema-instance" xsi:schemaLocation="http://www.loc.gov/MARC21/slim http://www.loc.gov/standards/marcxml/schema/MARC21slim.xsd">
	<leader>     nam a22     Mi 4500</leader>
	<controlfield tag="001">b12833769</controlfield>
	<controlfield tag="003">LeBAU</controlfield>
	<controlfield tag="006">m        d        </controlfield>
	<controlfield tag="007">cr cn |||m|||a</controlfield>
	<controlfield tag="008">200730s1938    ua      ob      0   ara d</controlfield>
	<datafield ind1=" " ind2=" " tag="040">
		<subfield code="a">ZYU</subfield>
		<subfield code="b">ara</subfield>
		<subfield code="e">rda</subfield>
		<subfield code="c">ZYU</subfield>
	</datafield>
	<datafield ind1="0" ind2="4" tag="082">
		<subfield code="a">349.297</subfield>
		<subfield code="2">20</subfield>
	</datafield>
	<datafield ind1="1" ind2=" " tag="100">
		<subfield code="6">880-01</subfield>
		<subfield code="a">Shaybānī, Muḥammad ibn al-Ḥasan,</subfield>
		<subfield code="d">approximately 750-804 or 805.</subfield>
		<subfield code="e">author.</subfield>
		<subfield code="0">https://lccn.loc.gov/n83148089 ,</subfield>
	</datafield>
	<datafield ind1="1" ind2="3" tag="245">
		<subfield code="6">880-02</subfield>
		<subfield code="a">al-Iktisāb fī al-rizq al-mustaṭāb /</subfield>
		<subfield code="c">taʼlīf imām al-aʼimmah shaykh al-fuqahāʼ al-mujtahid al-akbar Muḥammad ibn al-Ḥasan al-Shaybānī, ṣāḥib al-Imām al-aʻẓam Abī Ḥanīfah al-Nuʻmān ; talkhīṣ tilmīdhuh al-imām al-ʻAllāmah al-Kabīr Muḥammad ibn Samāʻah ; ʻarrafa al-kitāb wa-tarjama lil-muʼallif wa-ʻallaqa ḥawāshīh al-ustādh al-ʻAllāmah al-Muḥaqqiq al-Shaykh Maḥmūd ʻArnūs, al-qāḍī bi-al-maḥākim al-sharʻīyah ; nasharahu wa-rājaʻa aṣluh wa-ṣaḥḥaḥahu ʻIzzāt al-ʻAṭṭār, muʼassis wa-mudīr Maktab Nashr al-Thaqāfah al-Islāmīyah min aqdam ʻuṣūrihā ilá al-ān.</subfield>
	</datafield>
	<datafield ind1=" " ind2=" " tag="250">
		<subfield code="6">880-03</subfield>
		<subfield code="a">al-Ṭabʻah al-ūlá.</subfield>
	</datafield>
	<datafield ind1=" " ind2="1" tag="264">
		<subfield code="6">880-04</subfield>
		<subfield code="a">[Miṣr] :</subfield>
		<subfield code="b">Maṭbaʻat al-Anwār,</subfield>
		<subfield code="c">1357 H. = 1938 M.</subfield>
	</datafield>
	<datafield ind1=" " ind2=" " tag="300">
		<subfield code="6">880-05</subfield>
		<subfield code="a">online resource (89 pages)</subfield>
	</datafield>
	<datafield ind1=" " ind2=" " tag="336">
		<subfield code="a">text</subfield>
		<subfield code="2">rdacontent</subfield>
	</datafield>
	<datafield ind1=" " ind2=" " tag="337">
		<subfield code="a">computer</subfield>
		<subfield code="2">rdamedia</subfield>
	</datafield>
	<datafield ind1=" " ind2=" " tag="338">
		<subfield code="a">online resource</subfield>
		<subfield code="2">rdacarrier</subfield>
	</datafield>
	<datafield ind1=" " ind2=" " tag="500">
		<subfield code="a">Part of the Arabic Collections Online (ACO) project, contributed by American University of Beirut's Jafet Memorial Library.</subfield>
	</datafield>
	<datafield ind1=" " ind2=" " tag="533">
		<subfield code="a">Electronic reproduction.</subfield>
		<subfield code="b">New York, N.Y. :</subfield>
		<subfield code="c">New York University,</subfield>
		<subfield code="d">2020.</subfield>
		<subfield code="5">NNU</subfield>
	</datafield>
	<datafield ind1=" " ind2="0" tag="650">
		<subfield code="6">880-06</subfield>
		<subfield code="a">Islamic law</subfield>
		<subfield code="v">Early works to 1800.</subfield>
	</datafield>
	<datafield ind1=" " ind2="0" tag="650">
		<subfield code="6">880-07</subfield>
		<subfield code="a">Profit</subfield>
		<subfield code="x">Religious aspects</subfield>
		<subfield code="x">Islam</subfield>
		<subfield code="v">Early works to 1800.</subfield>
	</datafield>
	<datafield ind1=" " ind2="0" tag="650">
		<subfield code="6">880-08</subfield>
		<subfield code="a">Commercial law (Islamic law)</subfield>
		<subfield code="v">Early works to 1800.</subfield>
	</datafield>
	<datafield ind1=" " ind2="0" tag="650">
		<subfield code="6">880-09</subfield>
		<subfield code="a">Islam</subfield>
		<subfield code="x">Economic aspects</subfield>
		<subfield code="v">Early works to 1800.</subfield>
	</datafield>
	<datafield ind1=" " ind2="0" tag="650">
		<subfield code="6">880-10</subfield>
		<subfield code="a">Economics</subfield>
		<subfield code="x">Religious aspects</subfield>
		<subfield code="x">Islam</subfield>
		<subfield code="v">Early works to 1800.</subfield>
	</datafield>
	<datafield ind1="1" ind2=" " tag="700">
		<subfield code="6">880-11</subfield>
		<subfield code="a">ʻAṭṭār, ʻIzzat.</subfield>
		<subfield code="e">reviewer.</subfield>
		<subfield code="0">https://lccn.loc.gov/nr91009024 ,</subfield>
	</datafield>
	<datafield ind1="1" ind2=" " tag="700">
		<subfield code="6">880-12</subfield>
		<subfield code="a">ʻAṭṭār, ʻIzzat.</subfield>
		<subfield code="e">corrector.</subfield>
		<subfield code="0">https://lccn.loc.gov/nr91009024 ,</subfield>
	</datafield>
	<datafield ind1="1" ind2=" " tag="700">
		<subfield code="6">880-13</subfield>
		<subfield code="a">Ibn Samāʻah, Muḥammad,</subfield>
		<subfield code="0">https://lccn.loc.gov/no2010168767 ,</subfield>
		<subfield code="e">abridger.</subfield>
	</datafield>
	<datafield ind1="1" ind2=" " tag="700">
		<subfield code="6">880-14</subfield>
		<subfield code="a">ʻArnūs, Maḥmūd.</subfield>
		<subfield code="d">747 or 748-847 or 848.</subfield>
		<subfield code="e">commentator for written text.</subfield>
		<subfield code="0">https://lccn.loc.gov/n2019045847 ,</subfield>
	</datafield>
	<datafield ind1="2" ind2=" " tag="710">
		<subfield code="a">Jafet Memorial Library.</subfield>
	</datafield>
	<datafield ind1="0" ind2=" " tag="730">
		<subfield code="a">Arabic Collections Online.</subfield>
	</datafield>
	<datafield ind1="0" ind2="8" tag="776">
		<subfield code="i">Print version:</subfield>
		<subfield code="a">Shaybānī, Muḥammad ibn al-Ḥasan, approximately 750-804 or 805. author. https://lccn.loc.gov/n83148089 ,</subfield>
		<subfield code="t">al-Iktisāb fī al-rizq al-mustaṭāb</subfield>
		<subfield code="w">(LeBAU)b12833769</subfield>
	</datafield>
	<datafield ind1="4" ind2="0" tag="856">
		<subfield code="u">http://hdl.handle.net/2333.1/83bk3v5r</subfield>
	</datafield>
	<datafield ind1="1" ind2=" " tag="880">
		<subfield code="6">100-01</subfield>
		<subfield code="a">الشيباني، محمد بن الحسن،</subfield>
		<subfield code="d">حوالي 750-804 او 805،</subfield>
		<subfield code="0">https://lccn.loc.gov/n83148089 ,</subfield>
		<subfield code="e">مؤلف.</subfield>
		<subfield code="4">aut.</subfield>
	</datafield>
	<datafield ind1="1" ind2="2" tag="880">
		<subfield code="6">245-02</subfield>
		<subfield code="a">الإكتساب في الرزق المستطاب /</subfield>
		<subfield code="c">تأليف إمام الأئمة الرباني شيخ الفقهاء المجتهد الأكبر محمد بن الحسن الشيباني، صاحب الإمام الأعظم أبي حنيفة النعمان ؛ تلخيص تلميذه الإمام العلامة الكبير محمد بن سماعة ؛ عرف الكتاب وترجم للمؤلف وعلق حواشيه الأستاذ العلامة المحقق الشيخ محمود عرنوس، القاضي بالمحاكم الشرعية ؛ نشره وراجع أصله وصححه عزت العطار، مؤسس ومدير مكتب نشر الثقافة الإسلامية من أقدم عصورها الى الآن.</subfield>
	</datafield>
	<datafield ind1=" " ind2=" " tag="880">
		<subfield code="6">250-03</subfield>
		<subfield code="a">الطبعة الاولى.</subfield>
	</datafield>
	<datafield ind1=" " ind2="1" tag="880">
		<subfield code="6">264-04</subfield>
		<subfield code="a">[مصر] :</subfield>
		<subfield code="b">مطبعة الانوار،</subfield>
		<subfield code="c">1357 هـ. = 1938 م.</subfield>
	</datafield>
	<datafield ind1=" " ind2=" " tag="880">
		<subfield code="6">300-05</subfield>
		<subfield code="a">89 صفحة ؛</subfield>
		<subfield code="c">24 سم</subfield>
	</datafield>
	<datafield ind1=" " ind2=" " tag="880">
		<subfield code="6">504-00</subfield>
		<subfield code="a">يتضمن مراجع ببليوغرافية.</subfield>
	</datafield>
	<datafield ind1=" " ind2="4" tag="880">
		<subfield code="6">650-06</subfield>
		<subfield code="a">الفقه الاسلامي</subfield>
		<subfield code="v">اعمال قديمة حتى 1800.</subfield>
	</datafield>
	<datafield ind1=" " ind2="4" tag="880">
		<subfield code="6">650-07</subfield>
		<subfield code="a">الربح</subfield>
		<subfield code="x">النواحي الدينية</subfield>
		<subfield code="x">الاسلام</subfield>
		<subfield code="v">أعمال قديمة حتى 1800.</subfield>
	</datafield>
	<datafield ind1=" " ind2="4" tag="880">
		<subfield code="6">650-08</subfield>
		<subfield code="a">القانون التجاري (الفقه الاسلامي)</subfield>
		<subfield code="v">أعمال قديمة حتى 1800.</subfield>
	</datafield>
	<datafield ind1=" " ind2="4" tag="880">
		<subfield code="6">650-09</subfield>
		<subfield code="a">الاسلام</subfield>
		<subfield code="x">النواحي الإقتصادية</subfield>
		<subfield code="v">أعمال قديمة حتى 1800.</subfield>
	</datafield>
	<datafield ind1=" " ind2="4" tag="880">
		<subfield code="6">650-10</subfield>
		<subfield code="a">الإقتصاد</subfield>
		<subfield code="x">النواحي الدينية</subfield>
		<subfield code="x">الاسلام</subfield>
		<subfield code="v">أعمال قديمة حتى 1800.</subfield>
	</datafield>
	<datafield ind1="1" ind2=" " tag="880">
		<subfield code="6">700-11</subfield>
		<subfield code="a">العطار، عزت،</subfield>
		<subfield code="0">https://lccn.loc.gov/nr91009024 ,</subfield>
		<subfield code="e">مراجع.</subfield>
		<subfield code="4">rev.</subfield>
	</datafield>
	<datafield ind1="1" ind2=" " tag="880">
		<subfield code="6">700-12</subfield>
		<subfield code="a">العطار، عزت،</subfield>
		<subfield code="e">مصحح.</subfield>
		<subfield code="4">crr.</subfield>
	</datafield>
	<datafield ind1="1" ind2=" " tag="880">
		<subfield code="6">700-13</subfield>
		<subfield code="a">ابن سماعة، محمد،</subfield>
		<subfield code="0">https://lccn.loc.gov/no2010168767  ،</subfield>
		<subfield code="e">مختصر.</subfield>
	</datafield>
	<datafield ind1="1" ind2=" " tag="880">
		<subfield code="6">700-14</subfield>
		<subfield code="a">عرنوس، محمود،</subfield>
		<subfield code="0">https://lccn.loc.gov/nr91009024 ,</subfield>
		<subfield code="e">معلق على النص.</subfield>
		<subfield code="4">cwt.</subfield>
	</datafield>
	<datafield ind1=" " ind2=" " tag="959">
		<subfield code="a">NNU</subfield>
		<subfield code="b">WEB</subfield>
		<subfield code="c">GENI</subfield>
		<subfield code="t">0</subfield>
		<subfield code="m">Electronic access</subfield>
		<subfield code="s">01</subfield>
	</datafield>
	<datafield ind1=" " ind2=" " tag="999">
		<subfield code="i">LeBAU_b12833769</subfield>
		<subfield code="s">aub_aco003879:</subfield>
		<subfield code="e">(ERROR-MISC)</subfield>
		<subfield code="s">aub_aco003879:</subfield>
	</datafield>
</record>
